
@InProceedings{llvm_orig,
    author    = {Chris Lattner and Vikram Adve},
    title     = "{LLVM: A Compilation Framework for Lifelong Program Analysis \& Transformation}",
    booktitle = "{Proceedings of the 2004 International Symposium on Code Generation and Optimization (CGO'04)}",
    address   = {Palo Alto, California},
    month     = {3},
    year      = {2004}
  }
  
@book{eng_comp,
	author = {Cooper, Keith D. and Torczon, Linda.},
	title = {Engineering a compiler /},
	publisher = {Elsevier/Morgan Kaufmann,},
	year = {2012},
	address = {Amsterdam ;},
	edition = {2nd ed.}
}

@inproceedings{energy_consuption,
author = {Grech, Neville and Georgiou, Kyriakos and Pallister, James and Kerrison, Steve and Morse, Jeremy and Eder, Kerstin},
title = {Static Analysis of Energy Consumption for LLVM IR Programs},
year = {2015},
isbn = {9781450335935},
publisher = {Association for Computing Machinery},
address = {New York, NY, USA},
url = {https://doi.org/10.1145/2764967.2764974},
doi = {10.1145/2764967.2764974},
booktitle = {Proceedings of the 18th International Workshop on Software and Compilers for Embedded Systems},
pages = {12–21},
numpages = {10},
location = {Sankt Goar, Germany},
series = {SCOPES '15}
}

@book{hackers_delight,
author = {Warren, Henry S.},
title = {Hacker's Delight},
year = {2012},
isbn = {0321842685},
publisher = {Addison-Wesley Professional},
edition = {2nd}
}

@article{os_protection,
author = {Cohen, Frederick B.},
title = {Operating System Protection through Program Evolution},
year = {1993},
issue_date = {Oct. 1993},
publisher = {Elsevier Advanced Technology Publications},
address = {GBR},
volume = {12},
number = {6},
issn = {0167-4048},
url = {https://doi.org/10.1016/0167-4048(93)90054-9},
doi = {10.1016/0167-4048(93)90054-9},
abstract = {In this paper, we introduce the use of program evolution as a technique for defending against automated attacks on operating systems.},
journal = {Comput. Secur.},
month = oct,
pages = {565–584},
numpages = {20},
keywords = {Trusted systems, Computational complexity, Operating systems, Program evolution}
}

@INPROCEEDINGS{generic_deobfuscation,
  author={Yadegari, Babak and Johannesmeyer, Brian and Whitely, Ben and Debray, Saumya},
  booktitle={2015 IEEE Symposium on Security and Privacy}, 
  title={A Generic Approach to Automatic Deobfuscation of Executable Code}, 
  year={2015},
  volume={},
  number={},
  pages={674-691},
  doi={10.1109/SP.2015.47}}
  
@inproceedings{taxonomy_obf,
title={A Taxonomy of Obfuscating Transformations},
  author={C. Collberg and C. Thomborson and Douglas Low},
  year={1997}
}


@inproceedings{ml_deobfuscation,
author = {Salem, Aleieldin and Banescu, Sebastian},
title = {Metadata Recovery from Obfuscated Programs Using Machine Learning},
year = {2016},
isbn = {9781450348416},
publisher = {Association for Computing Machinery},
address = {New York, NY, USA},
url = {https://doi.org/10.1145/3015135.3015136},
doi = {10.1145/3015135.3015136},
booktitle = {Proceedings of the 6th Workshop on Software Security, Protection, and Reverse Engineering},
articleno = {1},
numpages = {11},
keywords = {reverse engineering, obfuscation, machine learning},
location = {Los Angeles, California, USA},
series = {SSPREW '16}
}

@inproceedings{manufacturing_opaque,
author = {Collberg, Christian and Thomborson, Clark and Low, Douglas},
title = {Manufacturing Cheap, Resilient, and Stealthy Opaque Constructs},
year = {1998},
isbn = {0897919793},
publisher = {Association for Computing Machinery},
address = {New York, NY, USA},
url = {https://doi.org/10.1145/268946.268962},
doi = {10.1145/268946.268962},
pages = {184–196},
numpages = {13},
location = {San Diego, California, USA},
series = {POPL '98}
}

@inproceedings{mba_zhou,
author = {Zhou, Yongxin and Main, Alec and Gu, Yuan X. and Johnson, Harold},
title = {Information Hiding in Software with Mixed Boolean-Arithmetic Transforms},
year = {2007},
isbn = {354077534X},
publisher = {Springer-Verlag},
address = {Berlin, Heidelberg},
pages = {61–75},
numpages = {15},
location = {Jeju Island, Korea},
series = {WISA'07}
}

@article{aliasing_hard,
author = {Ramalingam, G.},
title = {The Undecidability of Aliasing},
year = {1994},
issue_date = {Sept. 1994},
publisher = {Association for Computing Machinery},
address = {New York, NY, USA},
volume = {16},
number = {5},
issn = {0164-0925},
url = {https://doi.org/10.1145/186025.186041},
doi = {10.1145/186025.186041},
journal = {ACM Trans. Program. Lang. Syst.},
month = sep,
pages = {1467–1471},
}

@INPROCEEDINGS{bi_opaque,
  author={Xu, Hui and Zhou, Yangfan and Kang, Yu and Tu, Fengzhi and Lyu, Michael},
  booktitle={2018 48th Annual IEEE/IFIP International Conference on Dependable Systems and Networks (DSN)}, 
  title={Manufacturing Resilient Bi-Opaque Predicates Against Symbolic Execution}, 
  year={2018},
  volume={},
  number={},
  pages={666-677},
  doi={10.1109/DSN.2018.00073}}
  
@inproceedings{guinet_arybo,
  TITLE = {{Arybo: Manipulation, Canonicalization and Identification of Mixed Boolean-Arithmetic Symbolic Expressions}},
  AUTHOR = {Guinet, Adrien and Eyrolles, Ninon and Videau, Marion},
  URL = {https://hal.archives-ouvertes.fr/hal-01390528},
  BOOKTITLE = {{GreHack 2016}},
  ADDRESS = {Grenoble, France},
  SERIES = {Proceedings of GreHack 2016},
  YEAR = {2016},
  MONTH = Nov,
  KEYWORDS = {boolean expressions ; symbolic evaluation ; expression simplification ; expression identification ; mixed boolean arithmetic ; expression storage},
  PDF = {https://hal.archives-ouvertes.fr/hal-01390528/file/paper.pdf},
  HAL_ID = {hal-01390528},
  HAL_VERSION = {v1},
}

@book{dragonBook,
  title = {Compilers: Principles, Techniques, and Tools (2nd Edition)},
  author = {A. V. Aho and  M. S. Lam and R. Sethi and   J. D. Ullman},
  year = {2006},
  month = {8},
  tags = {principles, compiler},
  researchr = {https://researchr.org/publication/AhoLSU2006},
  cites = {0},
  citedby = {2},
  publisher = {Addison Wesley},
}

@INPROCEEDINGS{obfuscator-llvm,  author={Junod, Pascal and Rinaldini, Julien and Wehrli, Johan and Michielin, Julie},  booktitle={2015 IEEE/ACM 1st International Workshop on Software Protection},   title={Obfuscator-LLVM -- Software Protection for the Masses},   year={2015},  volume={},  number={},  pages={3-9},  doi={10.1109/SPRO.2015.10}}

@inproceedings{wang2001protection,
  title={Protection of software-based survivability mechanisms},
  author={Wang, Chenxi and Davidson, Jack and Hill, Jonathan and Knight, John},
  booktitle={2001 International Conference on Dependable Systems and Networks},
  pages={193--202},
  year={2001},
  organization={IEEE}
}

@article{np_pointers,
author = {Landi, William},
title = {Undecidability of Static Analysis},
year = {1992},
issue_date = {Dec. 1992},
publisher = {Association for Computing Machinery},
address = {New York, NY, USA},
volume = {1},
number = {4},
issn = {1057-4514},
url = {https://doi.org/10.1145/161494.161501},
doi = {10.1145/161494.161501},
month = dec,
pages = {323–337},
numpages = {15},
keywords = {data flow analysis, alias analysis, abstract interpretation, static analysis, halting problem}
}

@inproceedings{cappaert2010general,
  title={A general model for hiding control flow},
  author={Cappaert, Jan and Preneel, Bart},
  booktitle={Proceedings of the tenth annual ACM workshop on Digital rights management},
  pages={35--42},
  year={2010}
}

@inproceedings{johansson2017lightweight,
  title={Lightweight dispatcher constructions for control flow flattening},
  author={Johansson, Bj{\"o}rn and Lantz, Patrik and Liljenstam, Michael},
  booktitle={Proceedings of the 7th Software Security, Protection, and Reverse Engineering/Software Security and Protection Workshop},
  pages={1--12},
  year={2017}
}

@phdthesis{eyrollesMBAobf,
author = {Eyrolles, Ninon},
year = {2017},
month = {06},
pages = {},
title = {Obfuscation with Mixed Boolean-Arithmetic Expressions : reconstruction, analysis and simplification tools}
}

@article{zhou2006diversity,
  title={Diversity via code transformations: A solution for NGNA renewable security},
  author={Zhou, Yongxin and Main, Alec},
  journal={NCTA-The National Show},
  year={2006}
}

@article{loop,
   author = {Jiang Ming and Dongpeng Xu and Li Wang and Dinghao Wu},
   doi = {10.1145/2810103.2813617},
   isbn = {9781450338325},
   title = {LOOP: Logic-Oriented Opaque Predicate Detection in Obfuscated Binary Code},
   url = {http://dx.doi.org/10.1145/2810103.2813617.},
}

@article{King1976,
   author = {James C King},
   keywords = {and Phrases: symbolic execution,pro-gram testing,program debugging,program proving,program verification,symbolic interpretation},
   title = {Symbolic Execution and Program Testing},
   year = {1976},
}

@article{eval2016,
   author = {Rabih Mohsen and Alexandre Miranda Pinto},
   doi = {10.1007/978-3-319-30303-1_11},
   isbn = {9783319303024},
   issn = {16113349},
   journal = {Lecture Notes in Computer Science (including subseries Lecture Notes in Artificial Intelligence and Lecture Notes in Bioinformatics)},
   pages = {174-192},
   publisher = {Springer Verlag},
   title = {Evaluating obfuscation security: A quantitative approach},
   volume = {9482},
   year = {2016},
}

@article{Kolmogorov1998,
   author = {A N Kolmogorov},
   journal = {Theoretical Computer Science},
   pages = {387-395},
   title = {On tables of random numbers '},
   volume = {207},
   year = {1998},
}


